@book{texnbelt,
  author = {Γεώργιος Α. Ροβιθάκης},
  year = {2007},
  title = {Τεχνικές Βελτιστοποίησης},
  publisher = {ΕΚΔΟΣΕΙΣ Α.
ΤΖΙΟΛΑ \& ΥΙΟΙ Α.Ε}
}